<record><leader>00000cas a22000007a 4500</leader><controlfield tag="001">26758626</controlfield><controlfield tag="008">921009d18661867causr ne      0    0eng d</controlfield><datafield ind1=" " ind2=" " tag="010"><subfield code="a">sn 92068882 </subfield></datafield><datafield ind1=" " ind2=" " tag="040"><subfield code="a">CNK</subfield><subfield code="b">eng</subfield><subfield code="c">CNK</subfield><subfield code="d">OCLCQ</subfield><subfield code="d">CNK</subfield><subfield code="d">OCLCQ</subfield></datafield><datafield ind1=" " ind2=" " tag="042"><subfield code="a">msc</subfield></datafield><datafield ind1="0" ind2="4" tag="245"><subfield code="a">The Semi-weekly enquirer.</subfield></datafield><datafield ind1=" " ind2=" " tag="260"><subfield code="a">Dutch Flat, Calif. :</subfield><subfield code="b">E.B. Boust</subfield></datafield><datafield ind1=" " ind2=" " tag="300"><subfield code="a">v.</subfield></datafield><datafield ind1=" " ind2=" " tag="310"><subfield code="a">Semiweekly</subfield></datafield><datafield ind1="0" ind2=" " tag="362"><subfield code="a">Vol. 7, no. 1 (Nov. 7, 1866)-v. 7, no. 102 (Nov. 9, 1867).</subfield></datafield><datafield ind1=" " ind2=" " tag="515"><subfield code="a">Vol. 7 resumes with no. 1 after no. 26.</subfield></datafield><datafield ind1=" " ind2="4" tag="651"><subfield code="a">Placer County (Calif.)</subfield><subfield code="v">Newspapers.</subfield></datafield><datafield ind1=" " ind2=" " tag="752"><subfield code="a">United States</subfield><subfield code="b">California</subfield><subfield code="c">Placer</subfield><subfield code="d">Dutch Flat.</subfield></datafield><datafield ind1="0" ind2="0" tag="780"><subfield code="t">Dutch Flat enquirer (Dutch Flat, Calif. : 1864)</subfield><subfield code="w">(DLC)sn 92068881</subfield></datafield><datafield ind1="0" ind2="0" tag="785"><subfield code="t">Dutch Flat enquirer (Dutch Flat, Calif. : 1867)</subfield><subfield code="w">(DLC)sn 92068883</subfield></datafield><datafield ind1="1" ind2=" " tag="029"><subfield code="a">AU@</subfield><subfield code="b">000020735070</subfield></datafield></record>